@comment{x-kbibtex-personnameformatting=<%l><, %f>}

@article{Hsu201239,
	author = "Hsu, C.T. and Sin, K.F. and Chiang, S.W.",
	doi = "10.1016/j.compfluid.2011.09.011",
	issn = "0045-7930",
	journal = "Computers \& Fluids",
	keywords = "Hybrid parallelism; MPI; OpenMP; CUDA; DDOM",
	note = "",
	number = "0",
	pages = "39--44",
	title = "{Parallel computation for Boltzmann equation simulation with Dynamic Discrete Ordinate Method (DDOM)}",
	url = "http://www.sciencedirect.com/science/article/pii/S0045793011002970",
	volume = "54",
	year = "2012"
}

@article{Yang1995323,
	author = "Yang, J.Y. and Huang, J.C.",
	doi = "10.1006/jcph.1995.1168",
	issn = "0021-9991",
	journal = "Journal of Computational Physics",
	note = "",
	number = "2",
	pages = "323--339",
	title = "{Rarefied Flow Computations Using Nonlinear Model Boltzmann Equations}",
	url = "http://www.sciencedirect.com/science/article/pii/S0021999185711680",
	volume = "120",
	year = "1995"
}

@article{Huang2011261,
	author = "Huang, Juan-Chen",
	doi = "10.1016/j.compfluid.2010.11.001",
	issn = "0045-7930",
	journal = "Computers \& Fluids",
	keywords = "Model Boltzmann equation; Discrete ordinate method; Rarefied gas flow",
	note = "22nd International Conference on Parallel Computational Fluid Dynamics (ParCFD 2010)",
	number = "1",
	pages = "261--267",
	title = "{A conservative discrete ordinate method for model Boltzmann equations}",
	url = "http://www.sciencedirect.com/science/article/pii/S0045793010002884",
	volume = "45",
	year = "2011"
}

@article{Yang2013,
	author = "Yang, Jaw-Yen and Muljadi, Bagus Putra and Chen, Su-Yuan and Li, Zhi-Hui",
	doi = "10.1016/j.compfluid.2012.12.013",
	issn = "0045-7930",
	journal = "Computers \& Fluids",
	keywords = "Semiclassical Boltzmann-BGK equation; Arbitrary particle statistics; Kinetic numerical method; Lattice Boltzmann method",
	note = "",
	number = "xxx",
	pages = "1--13",
	title = "{Kinetic numerical methods for solving the semiclassical Boltzmann-BGK equation}",
	url = "http://www.sciencedirect.com/science/article/pii/S0045793013000029",
	volume = "xxx",
	year = "2013"
}

@article{PhysRev.43.552,
	author = "Uehling, E. A. and Uhlenbeck, G. E.",
	doi = "10.1103/PhysRev.43.552",
	issue = "7",
	journal = "Phys. Rev.",
	month = "Apr",
	pages = "552--561",
	publisher = "American Physical Society",
	title = "{Transport Phenomena in Einstein-Bose and Fermi-Dirac Gases. I}",
	url = "http://link.aps.org/doi/10.1103/PhysRev.43.552",
	volume = "43",
	year = "1933"
}

@article{ISI:000303761300021,
	address = "{ROOM 3208, CENTRAL PLAZA, 18 HARBOUR RD, WANCHAI, HONG KONG 00000, PEOPLES R CHINA}",
	affiliation = "{Hsu, CT (Reprint Author), Hong Kong Univ Sci \& Technol, Dept Mech Engn, Kowloon, Hong Kong, Peoples R China. Hsu, C. T.; Chiang, S. W.; Sin, K. F., Hong Kong Univ Sci \& Technol, Dept Mech Engn, Kowloon, Hong Kong, Peoples R China.}",
	author = "Hsu, C. T. and Chiang, S. W. and Sin, K. F.",
	author-email = "{mecthsu@ust.hk ben.chiang@family.ust.hk meskf@ust.hk}",
	doc-delivery-number = "{938VK}",
	doi = "10.4208/cicp.150510.150511s",
	funding-acknowledgement = "{ITC of Hong Kong Government through ITF {[}GHP/028/08SZ]}",
	funding-text = "{This work is supported by the ITC of Hong Kong Government through ITF under Contract No. GHP/028/08SZ.}",
	issn = "{1815-2406}",
	journal = "{Communications in Computational Physics}",
	journal-iso = "{Commun. Comput. Phys.}",
	keywords = "{Dynamics quadrature; dynamic discrete ordinate method; dynamic lattice Boltzmann method; thermal lattice Boltzmann method}",
	keywords-plus = "{GAS}",
	language = "{English}",
	month = "{Apr}",
	number = "{4}",
	number-of-cited-references = "{23}",
	pages = "{1397--1414}",
	publisher = "{GLOBAL SCIENCE PRESS}",
	research-areas = "{Physics}",
	times-cited = "{0}",
	title = "{A Novel Dynamic Quadrature Scheme for Solving Boltzmann Equation with Discrete Ordinate and Lattice Boltzmann Methods}",
	type = "{Article}",
	unique-id = "{ISI:000303761300021}",
	volume = "{11}",
	web-of-science-categories = "{Physics, Mathematical}",
	year = "{2012}"
}

@article{Mieussens:2000:DMN:351065.351073,
	acmid = "351073",
	address = "San Diego, CA, USA",
	author = "Mieussens, Luc",
	doi = "10.1006/jcph.2000.6548",
	issn = "0021-9991",
	issue_date = "Aug 2000",
	journal = "J. Comput. Phys.",
	keywords = "BGK model; Boltzmann equation; axisymmetric flows; conservative and entropic methods; discrete-velocity models; implicit schemes",
	month = aug,
	number = "2",
	numpages = "38",
	pages = "429--466",
	publisher = "Academic Press Professional, Inc.",
	title = "{Discrete-velocity models and numerical schemes for the Boltzmann-BGK equation in plane and axisymmetric geometries}",
	url = "http://dx.doi.org/10.1006/jcph.2000.6548",
	volume = "162",
	year = "2000"
}

@article{Gottlieb2005,
	author = "Gottlieb, Sigal",
	doi = "10.1007/s10915-004-4635-5",
	issn = "0885-7474",
	journal = "Journal of Scientific Computing",
	keywords = "Strong stability preserving; Runge{\^a}{\^a}‚¬``Kutta methods; multi step methods; high order accuracy; time discretization; 65M20; 65L06",
	language = "English",
	number = "1",
	pages = "105--128",
	publisher = "Kluwer Academic Publishers-Plenum Publishers",
	title = "{On High Order Strong Stability Preserving Runge-Kutta and Multi Step Time Discretizations}",
	url = "http://dx.doi.org/10.1007/s10915-004-4635-5",
	volume = "25",
	year = "2005"
}

@article{Shi20089389,
	author = "Shi, Yu-Hsin and Yang, J.Y.",
	doi = "10.1016/j.jcp.2008.06.036",
	issn = "0021-9991",
	journal = "Journal of Computational Physics",
	keywords = "Quantum hydrodynamics; Gas-kinetic scheme; Quantum gas; Semiclassical Boltzmann equation; Quantum Navier{\^a}€``Stokes solution",
	note = "",
	number = "22",
	pages = "9389--9407",
	title = "{A gas-kinetic \{BGK\} scheme for semiclassical Boltzmann hydrodynamic transport}",
	url = "http://www.sciencedirect.com/science/article/pii/S0021999108003392",
	volume = "227",
	year = "2008"
}

@article{Qiu:2005:RDG:1046640.1046665,
	acmid = "1046665",
	address = "Philadelphia, PA, USA",
	author = "Qiu, Jianxian",
	doi = "10.1137/S1064827503425298",
	issn = "1064-8275",
	issue_date = "2005",
	journal = "SIAM J. Sci. Comput.",
	keywords = "Runge--Kutta discontinuous Galerkin method; WENO finite volume scheme; high order accuracy; limiters",
	month = mar,
	number = "3",
	numpages = "23",
	pages = "907--929",
	publisher = "Society for Industrial and Applied Mathematics",
	title = "Runge--Kutta Discontinuous Galerkin Method Using WENO Limiters",
	url = "http://dx.doi.org/10.1137/S1064827503425298",
	volume = "26",
	year = "2005"
}