@comment{x-kbibtex-personnameformatting=<%l><, %f>}

@book{flury1997first,
	author = "Flury, B.",
	isbn = "9780387982069",
	lccn = "97006237",
	publisher = "Springer",
	series = "{Springer Texts in Statistics}",
	title = "{A First Course in Multivariate Statistics}",
	url = "http://books.google.com/books?id=3e4ei8f90GcC",
	year = "1997"
}

@book{kremer2010introduction,
	author = "Kremer, G.M.",
	isbn = "9783642116964",
	lccn = "2010920023",
	publisher = "Springer",
	series = "{Interaction of mechanics and mathematics series}",
	title = "{An Introduction to the Boltzmann Equation and Transport Processes in Gases}",
	url = "http://books.google.com/books?id=rgogv2kvtjgC",
	year = "2010"
}

@book{morin2008introduction,
	author = "Morin, D.",
	isbn = "9781139468374",
	lccn = "2008295263",
	publisher = "Cambridge University Press",
	title = "{Introduction to Classical Mechanics: With Problems and Solutions}",
	url = "http://books.google.com/books?id=Ni6CD7K2X4MC",
	year = "2008"
}

@book{mohamad2011lattice,
	author = "Mohamad, A.A.",
	isbn = "9780857294555",
	lccn = "2011276517",
	publisher = "Springer",
	series = "{SpringerLink : B{\"u}cher}",
	title = "{Lattice Boltzmann Method: Fundamentals and Engineering Applications with Computer Codes}",
	url = "http://books.google.com/books?id=5gGFlf-tAIQC",
	year = "2011"
}

@book{struchtrup2006macroscopic,
	author = "Struchtrup, H.",
	isbn = "9783540323860",
	publisher = "Springer",
	series = "{Interaction of Mechanics and Mathematics}",
	title = "{Macroscopic Transport Equations for Rarefied Gas Flows: Approximation Methods in Kinetic Theory}",
	url = "http://books.google.com/books?id=iBDX7wicQyUC",
	year = "2006"
}

@book{hesthaven2008nodal,
	author = "Hesthaven, J.S. and Warburton, T.",
	isbn = "9780387720654",
	lccn = "2007939528",
	publisher = "Springer",
	series = "{Texts in Applied Mathematics}",
	title = "{Nodal Discontinuous Galerkin Methods: Algorithms, Analysis, and Applications}",
	url = "http://books.google.com/books?id=APQkDOmwyksC",
	year = "2008"
}

