@comment{x-kbibtex-personnameformatting=<%l><, %f>}

@article{VanLeer1979,
	author = "van Leer, Bram",
	doi = "10.1016/0021-9991(79)90145-1",
	issn = "0021-9991",
	journal = "Journal of Computational Physics",
	note = "",
	number = "1",
	pages = "101--136",
	title = "{Towards the ultimate conservative difference scheme. V. A second-order sequel to Godunov's method}",
	url = "http://www.sciencedirect.com/science/article/B6WHY-4DD1N8T-C5/2/9b051d1cfcff715a3d0f4b7b7b0397cc",
	volume = "32",
	year = "1979"
}

