@comment{x-kbibtex-personnameformatting=<%l><, %f>}

@book{lev02,
	added-at = "2010-11-11T15:22:40.000+0100",
	author = "LeVeque, Randall J.",
	biburl = "http://www.bibsonomy.org/bibtex/2698a9c78cea123cb104c4dca6606e845/toevanen",
	interhash = "9f78250c0cb4ac062477dd46ab451687",
	intrahash = "698a9c78cea123cb104c4dca6606e845",
	keywords = "FVM book",
	publisher = "Cambridge University Press",
	title = "{Finite-Volume Methods for Hyperbolic Problems}",
	x-fetchedfrom = "Bibsonomy",
	year = 2002
}

@book{lev01,
	added-at = "2011-03-23T00:00:00.000+0100",
	author = "LeVeque, Randall J.",
	biburl = "http://www.bibsonomy.org/bibtex/2af5f67303ececc3fc94d71c2301961af/dblp",
	ee = "http://www.ec-securehost.com/SIAM/OT98.html",
	interhash = "353afd5c00f1c913fa4a969998c0207e",
	intrahash = "af5f67303ececc3fc94d71c2301961af",
	isbn = "978-0-89871-629-0",
	keywords = "dblp",
	pages = "341",
	publisher = "SIAM",
	title = "{Finite difference methods for ordinary and partial differential equations - steady-state and time-dependent problems.}",
	x-fetchedfrom = "Bibsonomy",
	year = 2007
}

@book{lev03,
	added-at = "2011-05-02T00:00:00.000+0200",
	author = "LeVeque, Randall J.",
	biburl = "http://www.bibsonomy.org/bibtex/2f34699d6aff1128d6b96b247218199b2/dblp",
	interhash = "78ea935b6b24e925a7485c8bbd18a316",
	intrahash = "f34699d6aff1128d6b96b247218199b2",
	isbn = "978-3-7643-2723-1",
	keywords = "dblp",
	pages = "214",
	publisher = "Birkhause Verlag",
	series = "{Lectures in mathematics}",
	title = "{Numerical methods for conservation laws (2. ed.).}",
	x-fetchedfrom = "Bibsonomy",
	year = 1992
}

