@comment{x-kbibtex-personnameformatting=<%l><, %f>}

@book{Pathria1996,
	added-at = "2011-03-14T01:06:14.000+0100",
	author = "Pathria, R. K.",
	biburl = "http://www.bibsonomy.org/bibtex/27d2910e5857dee5d049b4a4c628c29d0/lantiq",
	groups = "public",
	interhash = "ee5c0717a098244c588c2193bbc2c97a",
	intrahash = "7d2910e5857dee5d049b4a4c628c29d0",
	keywords = "physics",
	publisher = "Elsevier",
	timestamp = "2011-03-13 09:06:14",
	title = "{Statistical Mechanics}",
	username = "lantiq",
	x-fetchedfrom = "Bibsonomy",
	year = 1996
}

@book{Sakurai:94,
	added-at = "2010-10-02T20:10:53.000+0200",
	address = "New York",
	author = "Sakurai, J. J.",
	biburl = "http://www.bibsonomy.org/bibtex/27580a575c87d08da024e6ddeb7e8bc9c/bgeneto",
	edition = "{Revised ed}",
	interhash = "c3d44666bb64b48d4b842ff404ab1025",
	intrahash = "7580a575c87d08da024e6ddeb7e8bc9c",
	keywords = "",
	publisher = "Addison-Wesley",
	title = "{Modern Quantum Mechanics}",
	x-fetchedfrom = "Bibsonomy",
	year = 1994
}

