@comment{x-kbibtex-personnameformatting=<%l><, %f>}

@article{Hsu201239,
	author = "Hsu, C.T. and Sin, K.F. and Chiang, S.W.",
	doi = "10.1016/j.compfluid.2011.09.011",
	issn = "0045-7930",
	journal = "Computers \& Fluids",
	keywords = "Hybrid parallelism; MPI; OpenMP; CUDA; DDOM",
	note = "",
	number = "0",
	pages = "39--44",
	title = "{Parallel computation for Boltzmann equation simulation with Dynamic Discrete Ordinate Method (DDOM)}",
	url = "http://www.sciencedirect.com/science/article/pii/S0045793011002970",
	volume = "54",
	year = "2012"
}

@article{Yang1995323,
	author = "Yang, J.Y. and Huang, J.C.",
	doi = "10.1006/jcph.1995.1168",
	issn = "0021-9991",
	journal = "Journal of Computational Physics",
	note = "",
	number = "2",
	pages = "323--339",
	title = "{Rarefied Flow Computations Using Nonlinear Model Boltzmann Equations}",
	url = "http://www.sciencedirect.com/science/article/pii/S0021999185711680",
	volume = "120",
	year = "1995"
}

@article{Huang2011261,
	author = "Huang, Juan-Chen",
	doi = "10.1016/j.compfluid.2010.11.001",
	issn = "0045-7930",
	journal = "Computers \& Fluids",
	keywords = "Model Boltzmann equation; Discrete ordinate method; Rarefied gas flow",
	note = "22nd International Conference on Parallel Computational Fluid Dynamics (ParCFD 2010)",
	number = "1",
	pages = "261--267",
	title = "{A conservative discrete ordinate method for model Boltzmann equations}",
	url = "http://www.sciencedirect.com/science/article/pii/S0045793010002884",
	volume = "45",
	year = "2011"
}

@article{Yang2013,
	author = "Yang, Jaw-Yen and Muljadi, Bagus Putra and Chen, Su-Yuan and Li, Zhi-Hui",
	doi = "10.1016/j.compfluid.2012.12.013",
	issn = "0045-7930",
	journal = "Computers \& Fluids",
	keywords = "Semiclassical Boltzmann-BGK equation; Arbitrary particle statistics; Kinetic numerical method; Lattice Boltzmann method",
	note = "",
	number = "xxx",
	pages = "1--13",
	title = "{Kinetic numerical methods for solving the semiclassical Boltzmann-BGK equation}",
	url = "http://www.sciencedirect.com/science/article/pii/S0045793013000029",
	volume = "xxx",
	year = "2013"
}

@article{PhysRev.43.552,
	author = "Uehling, E. A. and Uhlenbeck, G. E.",
	doi = "10.1103/PhysRev.43.552",
	issue = "7",
	journal = "Phys. Rev.",
	month = "Apr",
	pages = "552--561",
	publisher = "American Physical Society",
	title = "{Transport Phenomena in Einstein-Bose and Fermi-Dirac Gases. I}",
	url = "http://link.aps.org/doi/10.1103/PhysRev.43.552",
	volume = "43",
	year = "1933"
}

@article{ISI:000303761300021,
	address = "{ROOM 3208, CENTRAL PLAZA, 18 HARBOUR RD, WANCHAI, HONG KONG 00000, PEOPLES R CHINA}",
	affiliation = "{Hsu, CT (Reprint Author), Hong Kong Univ Sci \& Technol, Dept Mech Engn, Kowloon, Hong Kong, Peoples R China. Hsu, C. T.; Chiang, S. W.; Sin, K. F., Hong Kong Univ Sci \& Technol, Dept Mech Engn, Kowloon, Hong Kong, Peoples R China.}",
	author = "Hsu, C. T. and Chiang, S. W. and Sin, K. F.",
	author-email = "{mecthsu@ust.hk ben.chiang@family.ust.hk meskf@ust.hk}",
	doc-delivery-number = "{938VK}",
	doi = "10.4208/cicp.150510.150511s",
	funding-acknowledgement = "{ITC of Hong Kong Government through ITF {[}GHP/028/08SZ]}",
	funding-text = "{This work is supported by the ITC of Hong Kong Government through ITF under Contract No. GHP/028/08SZ.}",
	issn = "{1815-2406}",
	journal = "{Communications in Computational Physics}",
	journal-iso = "{Commun. Comput. Phys.}",
	keywords = "{Dynamics quadrature; dynamic discrete ordinate method; dynamic lattice Boltzmann method; thermal lattice Boltzmann method}",
	keywords-plus = "{GAS}",
	language = "{English}",
	month = "{Apr}",
	number = "{4}",
	number-of-cited-references = "{23}",
	pages = "{1397--1414}",
	publisher = "{GLOBAL SCIENCE PRESS}",
	research-areas = "{Physics}",
	times-cited = "{0}",
	title = "{A Novel Dynamic Quadrature Scheme for Solving Boltzmann Equation with Discrete Ordinate and Lattice Boltzmann Methods}",
	type = "{Article}",
	unique-id = "{ISI:000303761300021}",
	volume = "{11}",
	web-of-science-categories = "{Physics, Mathematical}",
	year = "{2012}"
}

