@comment{x-kbibtex-personnameformatting=<%l><, %f>}

@book{Hesthaven:2010:NDG:1952159,
	author = "Hesthaven, Jan S. and Warburton, Tim",
	edition = "1st",
	isbn = "1441924639, 9781441924636",
	publisher = "Springer Publishing Company, Incorporated",
	title = "Nodal Discontinuous Galerkin Methods: Algorithms, Analysis, and Applications",
	year = "2010"
}

@article{Yang:1995:RFC:213356.213375,
	acmid = "213375",
	address = "San Diego, CA, USA",
	author = "Yang, J. Y. and Huang, J. C.",
	doi = "10.1006/jcph.1995.1168",
	issn = "0021-9991",
	issue_date = "Sept. 1995",
	journal = "J. Comput. Phys.",
	month = sep,
	number = "2",
	numpages = "17",
	pages = "323--339",
	publisher = "Academic Press Professional, Inc.",
	title = "Rarefied flow computations using nonlinear model Boltzmann equations",
	url = "http://dx.doi.org/10.1006/jcph.1995.1168",
	volume = "120",
	year = "1995"
}

@article{Qiu:2005:RDG:1046640.1046665,
	acmid = "1046665",
	address = "Philadelphia, PA, USA",
	author = "Qiu, Jianxian",
	doi = "10.1137/S1064827503425298",
	issn = "1064-8275",
	issue_date = "2005",
	journal = "SIAM J. Sci. Comput.",
	keywords = "Runge--Kutta discontinuous Galerkin method; WENO finite volume scheme; high order accuracy; limiters",
	month = mar,
	number = "3",
	numpages = "23",
	pages = "907--929",
	publisher = "Society for Industrial and Applied Mathematics",
	title = "Runge--Kutta Discontinuous Galerkin Method Using WENO Limiters",
	url = "http://dx.doi.org/10.1137/S1064827503425298",
	volume = "26",
	year = "2005"
}

@article{Cockburn:1989:TRL:69978.69982,
	acmid = "69982",
	address = "San Diego, CA, USA",
	author = "Cockburn, B. and Lin, S.-Y. and Shu, C.-W.",
	doi = "10.1016/0021-9991(89)90183-6",
	issn = "0021-9991",
	issue_date = "Sep. 1989",
	journal = "J. Comput. Phys.",
	month = sep,
	number = "1",
	numpages = "24",
	pages = "90--113",
	publisher = "Academic Press Professional, Inc.",
	title = "{TVB Runge-Kutta local projection discontinuous Galerkin finite element method for conservation laws III: one-dimensional systems}",
	url = "http://dx.doi.org/10.1016/0021-9991(89)90183-6",
	volume = "84",
	year = "1989"
}

@article{Ni:2008:DSB:1365099.1365353,
	acmid = "1365353",
	address = "San Diego, CA, USA",
	author = "Ni, Guoxi and Jiang, Song and Xu, Kun",
	doi = "10.1016/j.jcp.2008.02.009",
	issn = "0021-9991",
	issue_date = "May, 2008",
	journal = "J. Comput. Phys.",
	keywords = "DGBGK scheme; Inviscid flows; Taylor's expansion; Viscous flows; WENO limiters",
	month = may,
	number = "11",
	numpages = "17",
	pages = "5799--5815",
	publisher = "Academic Press Professional, Inc.",
	title = "A DGBGK scheme based on WENO limiters for viscous and inviscid flows",
	url = "http://dx.doi.org/10.1016/j.jcp.2008.02.009",
	volume = "227",
	year = "2008"
}

@article{Cockburn:2002:RDG:513457.513458,
	acmid = "513458",
	address = "New York, NY, USA",
	author = "Cockburn, Bernardo and Shu, Chi-Wang",
	doi = "10.1023/A:1012873910884",
	issn = "0885-7474",
	issue_date = "September 2001",
	journal = "J. Sci. Comput.",
	keywords = "convection-diffusion equations; discontinuous Galerkin methods; non-linear conservation laws",
	month = jan,
	number = "3",
	numpages = "89",
	pages = "173--261",
	publisher = "Plenum Press",
	title = "Runge\--Kutta Discontinuous Galerkin Methods for Convection-Dominated Problems",
	url = "http://dx.doi.org/10.1023/A:1012873910884",
	volume = "16",
	year = "2002"
}

