@comment{x-kbibtex-personnameformatting=<%l><, %f>}

@article{Fatemi1993209,
	author = "Fatemi, Emad and Odeh, Faroukh",
	doi = "10.1006/jcph.1993.1176",
	issn = "0021-9991",
	journal = "Journal of Computational Physics",
	note = "",
	number = "2",
	pages = "209--217",
	title = "{Upwind Finite Difference Solution of Boltzmann Equation Applied to Electron Transport in Semiconductor Devices}",
	url = "http://www.sciencedirect.com/science/article/pii/S0021999183711769",
	volume = "108",
	year = "1993"
}

@article{Majorana2001649,
	author = "Majorana, A. and Pidatella, R.M.",
	doi = "10.1006/jcph.2001.6929",
	issn = "0021-9991",
	journal = "Journal of Computational Physics",
	note = "",
	number = "2",
	pages = "649--668",
	title = "{A Finite Difference Scheme Solving the Boltzmann-Poisson System for Semiconductor Devices}",
	url = "http://www.sciencedirect.com/science/article/pii/S0021999101969293",
	volume = "174",
	year = "2001"
}

@article{Carrillo2002,
	author = "Carrillo, Jos{\'e} A. and Gamba, IreneM. and Majorana, Armando and Shu, Chi-Wang",
	doi = "10.1023/A:1020751624960",
	issn = "1569-8025",
	journal = "Journal of Computational Electronics",
	keywords = "Boltzmann equation for semiconductors; WENO scheme; spherical coordinate system",
	language = "English",
	number = "3",
	pages = "365--370",
	publisher = "Kluwer Academic Publishers",
	title = "{A WENO-Solver for the 1D Non-Stationary Boltzmann-Poisson System for Semiconductor Devices}",
	url = "http://dx.doi.org/10.1023/A:1020751624960",
	volume = "1",
	year = "2002"
}

@article{Carrillo2003a,
	author = "Carrillo, Jos{\'e} A. and Gamba, IreneM. and Majorana, Armando and Shu, Chi-Wang",
	doi = "10.1023/B:JCEL.0000011455.74817.35",
	issn = "1569-8025",
	journal = "Journal of Computational Electronics",
	keywords = "Boltzmann-Poisson system for semiconductors; WENO scheme; spherical coordinate system",
	language = "English",
	number = "2-4",
	pages = "375--380",
	publisher = "Kluwer Academic Publishers",
	title = "{A Direct Solver for 2D Non-Stationary Boltzmann-Poisson Systems for Semiconductor Devices: A MESFET Simulation by WENO-Boltzmann Schemes}",
	url = "http://dx.doi.org/10.1023/B:JCEL.0000011455.74817.35",
	volume = "2",
	year = "2003"
}

@article{Carrillo2003JCEL,
	affiliation = "Departament de Matem{\~A} tiques, ICREA Universitat Aut{\~A}{\^A}²noma de Barcelona E-08193 Bellaterra Spain",
	author = "Carrillo, Jos{\'e} A. and Gamba, Irene M. and Majorana, Armando and Shu, Chi-Wang",
	issn = "1569-8025",
	issue = "2",
	journal = "Journal of Computational Electronics",
	keyword = "Computer Science",
	note = "10.1023/B:JCEL.0000011455.74817.35",
	pages = "375--380",
	publisher = "Springer Netherlands",
	title = "{A Direct Solver for 2D Non-Stationary Boltzmann-Poisson Systems for Semiconductor Devices: A MESFET Simulation by WENO-Boltzmann Schemes}",
	url = "http://dx.doi.org/10.1023/B:JCEL.0000011455.74817.35",
	volume = "2",
	year = "2003"
}

@book{MAR90,
	added-at = "2009-03-03T17:19:04.000+0100",
	address = "Wien",
	author = "Markovich, P. A. and Ringhofer, C. A. and Schmeiser, C.",
	biburl = "http://www.bibsonomy.org/bibtex/2994d72e2642fb290645f2dbb01effa46/bronckobuster",
	interhash = "b38331016a13d2addd52d38565505222",
	intrahash = "994d72e2642fb290645f2dbb01effa46",
	keywords = "imported",
	nota = "rw:",
	publisher = "Springer",
	title = "{Semiconductor Equations}",
	x-fetchedfrom = "Bibsonomy",
	year = 1990
}

@article{Wu2012,
	author = "Wu, Lei and Meng, Jian-Ping and Zhang, Yonghao",
	issn = "1364-5021",
	journal = "Proceedings of the Royal Society Part A - Mathematical, Physical and Engineering Sciences",
	number = "2142",
	pages = "1799--1823",
	title = "{Kinetic modelling of the quantum gases in the normal phase}",
	volume = "468",
	year = "2012"
}

@article{Pattamatta2009,
	author = "Pattamatta, Arvind and Madnia, Cyrus K.",
	journal = "Journal of Heat Transfer",
	month = aug,
	number = "082401-1",
	publisher = "ASME",
	title = "{Modeling Electron-Phonon Nonequilibrium in Gold Films Using Boltzmann Transport Model}",
	volume = "131",
	year = "2009"
}

@article{Scaldaferri2007,
	author = "Scaldaferri, S. and Curatola, G. and Iannaccone, G.",
	issn = "0018-9383",
	journal = "IEEE TRANSACTIONS ON ELECTRON DEVICES",
	month = nov,
	number = "11",
	pages = "2901--2909",
	title = "{Direct Solution of the Boltzmann Transport Equation and Poisson Schrodinger Equation for Nanoscale MOSFETs}",
	volume = "54",
	year = "2007"
}

@article{Harten1983,
	author = "Harten, A.",
	issn = "0021-9991",
	journal = "Journal of Computational Physics",
	keywords = "differential-eqs; numerical-methods",
	month = aug,
	pages = "260--278",
	publisher = "Academic Press",
	title = "{High Resolution Schemes for Hyperbolic Conservation Laws}",
	year = "1997"
}

@article{PhysRev.94.511,
	author = "Bhatnagar, P. L. and Gross, E. P. and Krook, M.",
	doi = "10.1103/PhysRev.94.511",
	issue = "3",
	journal = "Phys. Rev.",
	month = "May",
	pages = "511--525",
	publisher = "American Physical Society",
	title = "{A Model for Collision Processes in Gases. I. Small Amplitude Processes in Charged and Neutral One-Component Systems}",
	url = "http://link.aps.org/doi/10.1103/PhysRev.94.511",
	volume = "94",
	year = "1954"
}

@book{mit2005nanoscale,
	author = "Chen, Gang",
	isbn = "9780195159424",
	lccn = "2004052066",
	publisher = "Oxford University Press, USA",
	series = "{MIT Pappalardo Series in Mechanical Engineering}",
	title = "{Nanoscale Energy Transport and Conversion : A Parallel Treatment of Electrons, Molecules, Phonons, and Photons: A Parallel Treatment of Electrons, Molecules, Phonons, and Photons}",
	year = "2005"
}

@article{Cowling1970,
	added-at = "2010-10-28T12:25:27.000+0200",
	author = "Cowling, S. and Chapman, T.G.",
	biburl = "http://www.bibsonomy.org/bibtex/218b5cfb8856e5e72971ea63a23b850bb/euh_de",
	interhash = "962e559493d56462d164bad2ac01f224",
	intrahash = "18b5cfb8856e5e72971ea63a23b850bb",
	journal = "GIS Proc. ACM Int. Symp. Adv. Geogr. Inf. Syst. GIS: Proceedings of the ACM International Symposium on Advances in Geographic Information Systems",
	keywords = "imported",
	owner = "vt1ha",
	pages = "--",
	refid = "314",
	timestamp = "2010.05.09",
	title = "{The Mathematical Theory of Non-uniform Gases: An Account of the Kinetic Theory of Viscosity, Thermal Conduction and Diffusion in Gases}",
	x-fetchedfrom = "Bibsonomy",
	year = 1970
}

@article{Shi20089389,
	author = "Shi, Yu Hsin and Yang, Jaw Yen",
	journal = "Journal of Computational Physics",
	keywords = "Quantum hydrodynamics; Gas-kinetic scheme; Quantum gas; Semiclassical Boltzmann equation; Quantum Navier-Stokes solution",
	number = "22",
	pages = "9389--9407",
	title = "{A gas kinetic BGK scheme for semiclassical Boltzmann hydrodynamic transport}",
	volume = "227",
	year = "2008"
}

@article{Yang1995323,
	author = "Yang, J. Y. and Huang, J. C.",
	doi = "10.1006/jcph.1995.1168",
	issn = "0021-9991",
	journal = "Journal of Computational Physics",
	note = "",
	number = "2",
	pages = "323--339",
	title = "{Rarefied Flow Computations Using Nonlinear Model Boltzmann Equations}",
	url = "http://www.sciencedirect.com/science/article/B6WHY-45NJJFW-1J/2/275dde267bf1a59e6a3cf435fa6e68ce",
	volume = "120",
	year = "1995"
}

@article{Jaw-YenYang05082006,
	abstract = "A novel kinetic beam scheme for the ideal quantum gas is presented for the computation of quantum gas dynamical flows. The quantum Boltzmann equation approach is adopted and the local thermodynamic equilibrium quantum distribution is assumed. Both Bose?{\~A}{\^A}{\^A}¯?`{\^A}{\^A}{\^A}½Einstein and Fermi?{\~A}{\^A}{\^A}¯?`{\^A}{\^A}{\^A}½Dirac gases are considered. Formulae for one spatial dimension is first derived and the resulting beam scheme is tested for shock tube flows. Implementation of high-order methods is also outlined. We only consider the system in the normal phase consisting of particles in excited states and both the classical limit and the nearly degenerate limit are computed. The flow structures can all be accurately captured by the present beam scheme. Formulations for multiple spatial dimensions are also included.",
	author = "Yang, Jaw Yen and Shi, Yu Hsin",
	doi = "10.1098/rspa.2005.1618",
	eprint = "http://rspa.royalsocietypublishing.org/content/462/2069/1553.full.pdf+html",
	journal = "Proceedings of the Royal Society A: Mathematical, Physical and Engineering Science",
	number = "2069",
	pages = "1553--1572",
	title = "{A kinetic beam scheme for ideal quantum gas dynamics}",
	url = "http://rspa.royalsocietypublishing.org/content/462/2069/1553.abstract",
	volume = "462",
	year = "2006"
}

@article{PhysRevE.hung,
	author = "Yang, Jaw-Yen and Hung, Li-Hsin",
	doi = "10.1103/PhysRevE.79.056708",
	journal = "Phys. Rev. E",
	month = "May",
	number = "5",
	numpages = "7",
	pages = "056708",
	publisher = "American Physical Society",
	title = "{Lattice Uehling Uhlenbeck Boltzmann Bhatnagar Gross Krook hydrodynamics of quantum gases}",
	volume = "79",
	year = "2009"
}

@article{hsieh:023528,
	author = "Hsieh, Tse Yang and Yang, Jaw Yen and Hong, Zuu Chang",
	collaboration = "",
	doi = "10.1063/1.3182803",
	eid = "023528",
	journal = "Journal of Applied Physics",
	keywords = "Boltzmann equation; germanium; nanocomposites; nanoparticles; nanowires; phonons; silicon; thermal conductivity",
	number = "2",
	numpages = "7",
	pages = "023528",
	publisher = "AIP",
	title = "{Thermal conductivity modeling of compacted type nanocomposites}",
	url = "http://link.aip.org/link/?JAP/106/023528/1",
	volume = "106",
	year = "2009"
}

@article{PhysRev.43.552,
	author = "Uehling, E. A. and Uhlenbeck, G. E.",
	doi = "10.1103/PhysRev.43.552",
	journal = "Phys. Rev.",
	month = "Apr",
	number = "7",
	numpages = "9",
	pages = "552--561",
	publisher = "American Physical Society",
	title = "{Transport Phenomena in Einstein-Bose and Fermi-Dirac Gases. I}",
	volume = "43",
	year = "1933"
}

@book{KadanoffBaym,
	author = "Kadanoff, L. P. and Baym, G.",
	chapter = "6",
	pages = "52--67",
	publisher = "Benjamin, New York",
	title = "{Quantum Statistical Mechanics}",
	year = "1962"
}

@book{nla.cat-vn2842914,
	author = "Pathria, R. K.",
	catalogue-url = "http://nla.gov.au/nla.cat-vn2842914",
	edition = "2nd ed.",
	isbn = "0750624698",
	language = "English",
	life-dates = "1996 -",
	pages = "xiv, 529 p. :",
	publisher = "Butterworth-Heinemann, Oxford ; Boston :",
	subjects = "Statistical mechanics.",
	title = "{Statistical mechanics / R.K. Pathria}",
	type = "Book",
	url = "http://www.loc.gov/catdir/toc/els032/96001679.html",
	year = "1996"
}

@article{Shizgal1981309,
	author = "Shizgal, B.",
	doi = "10.1016/0021-9991(81)90099-1",
	issn = "0021-9991",
	journal = "Journal of Computational Physics",
	note = "",
	number = "2",
	pages = "309--328",
	title = "{A Gaussian quadrature procedure for use in the solution of the Boltzmann equation and related problems}",
	url = "http://www.sciencedirect.com/science/article/B6WHY-4DD1PNH-TP/2/a36ba8517e28dbd7cc04c61fa9d71104",
	volume = "41",
	year = "1981"
}

@article{1272832,
	address = "Philadelphia, PA, USA",
	author = "Yang, Jaw Yen and Hsieh, Tse Yang and Shi, Yu Hsin",
	doi = "10.1137/050646664",
	issn = "1064-8275",
	journal = "SIAM J. Sci. Comput.",
	number = "1",
	pages = "221--244",
	publisher = "Society for Industrial and Applied Mathematics",
	title = "{Kinetic Flux Vector Splitting Schemes for Ideal Quantum Gas Dynamics}",
	volume = "29",
	year = "2007"
}

@article{Hsieh2010,
	author = "Hsieh, Tze-Yang and Yang, Jaw-Yen",
	journal = "Journal of Applied Physics",
	pages = "044306",
	title = "{Thermal conductivity modeling of circular-wire nanocomposites}",
	volume = "108",
	year = "2010"
}

@article{nikuni98,
	author = "Nikuni, T. and Griffin, A.",
	issue = "5",
	journal = "Journal of Low Temperature Physics",
	pages = "793--814",
	title = "{Hydrodynamic Damping in Trapped Bose Gases}",
	volume = "111",
	year = "1998"
}

@book{G.A.Bird,
	author = "Bird, G. A",
	catalogue-url = "http://trove.nla.gov.au/work/11399193",
	contents = "1. The Molecular Model -- 2. Binary Elastic Collisions -- 3. Basic Kinetic Theory -- 4. Equilibrium Gas Properties -- 5. Inelastic Collisions and Surface Interactions -- 6. Chemical Reactions and Thermal Radiation -- 7. Collisionless Flows -- 8. Analytical Methods for Transition Regime Flows -- 9. Numerical Methods for Transition Regime Flows -- 10. General Issues Related to Direct Simulations -- 11. DSMC Procedures in a Homogeneous Gas -- 12. One-Dimensional Steady Flows -- 13. One-Dimensional Unsteady Flows -- 14. Two-Dimensional Flows -- 15. Axially Symmetric Flows -- 16. Three-Dimensional Flows -- Appendix A. Representative gas properties -- Appendix B. Probability functions and related integrals -- Appendix C. Sampling from a prescribed distribution -- Appendix D. Listing of program FMF.FOR -- Appendix E. Numerical artefacts -- Appendix F. Summary of the DSMC demonstration programs -- Appendix G. Listing of program DSMCOS.FOR",
	isbn = "0198561954 (hardback plus disk)",
	language = "English",
	note = "Systems requirements: PC; 486; 8 Mb RAM;Lahey F77L-EM/32 FORTRAN compiler",
	pages = "xvii, 458 p. : ill. (some col.) ; 24 cm. + 1 computer disk (3 1/2 in.)",
	publisher = "Oxford : Clarendon Press ; New York : Oxford University Press",
	subjects = "Gas dynamics; Molecular dynamics; Gas flow -- Mathematical models; Gases Dynamics",
	title = "{Molecular gas dynamics and the direct simulation of gas flows / G.A. Bird}",
	type = "Book; Book/Illustrated",
	year = "1994"
}

@inproceedings{HuangGiddens1967,
	adsnote = "Provided by the SAO/NASA Astrophysics Data System",
	adsurl = "http://adsabs.harvard.edu/abs/1967rgd1.conf..481H",
	author = "{Huang}, A.~B. and {Giddens}, D.~P.",
	booktitle = "{Rarefied Gas Dynamics, Volume 1}",
	editor = "{C.~L.~Brundin}",
	pages = "481",
	title = "{The Discrete Ordinate Method for the Linearized Boundary Value Problems in Kinetic Theory of Gases}",
	year = 1967
}

@article{Carrillo200655,
	author = "Carrillo, Jos{\'e} A. and Gamba, Irene M. and Majorana, Armando and Shu, Chi-Wang",
	doi = "10.1016/j.jcp.2005.09.005",
	issn = "0021-9991",
	journal = "Journal of Computational Physics",
	keywords = "Weighted essentially non-oscillatory schemes; Boltzmann transport equation; Semiconductor device simulation; MESFET; MOSFET; Direct simulation Monte Carlo",
	number = "1",
	pages = "55--80",
	title = "{2D semiconductor device simulations by WENO-Boltzmann schemes: Efficiency, boundary conditions and comparison to Monte Carlo methods}",
	url = "http://www.sciencedirect.com/science/article/B6WHY-4HDX8VW-1/2/a6755526a1c873199b268b7f2b228df2",
	volume = "214",
	year = "2006"
}

@article{Carrillo2003b,
	author = "Carrillo, Jos{\'e} A. and Gamba, Irene M. and Majorana, Armando and Shu, Chi-Wang",
	doi = "10.1023/B:JCEL.0000011455.74817.35",
	issn = "0021-9991",
	journal = "Journal of Computational Electronics",
	number = "2",
	pages = "375--380",
	title = "{A Direct Solver for 2D Non-Stationary Boltzmann-Poisson Systems for Semiconductor Devices: A MESFET Simulation by WENO-Boltzmann Schemes}",
	url = "http://www.springerlink.com/content/U362J422H3983717",
	volume = "2",
	year = "2003"
}

@article{Carrillo2003498,
	author = "Carrillo, Jos{\'e} A. and Gamba, Irene M. and Majorana, Armando and Shu, Chi-Wang",
	doi = "10.1016/S0021-9991(02)00032-3",
	issn = "0021-9991",
	journal = "Journal of Computational Physics",
	keywords = "Boltzmann-Poisson system; WENO scheme; High order accuracy; Semiconductor devices",
	note = "",
	number = "2",
	pages = "498--525",
	title = "{A WENO-solver for the transients of Boltzmann-Poisson system for semiconductor devices: performance and comparisons with Monte Carlo methods}",
	url = "http://www.sciencedirect.com/science/article/B6WHY-47MCFSD-1/2/7a9a40e2578790abaa25878839108553",
	volume = "184",
	year = "2003"
}

@book{Lundstrom:2000,
	alteditor = "",
	author = "Lundstrom, Mark",
	edition = "2nd",
	optaddress = "",
	optannote = "",
	optkey = "",
	optmonth = "",
	optnote = "",
	optnumber = "",
	optseries = "",
	optvolume = "",
	publisher = "Cambridge University Press",
	title = "{Fundamentals of Carrier Transport}",
	year = "2000"
}

@article{vanLeer1979101,
	author = "van Leer, Bram",
	doi = "10.1016/0021-9991(79)90145-1",
	issn = "0021-9991",
	journal = "Journal of Computational Physics",
	note = "",
	number = "1",
	pages = "101--136",
	title = "{Towards the ultimate conservative difference scheme. V. A second-order sequel to Godunov's method}",
	url = "http://www.sciencedirect.com/science/article/B6WHY-4DD1N8T-C5/2/9b051d1cfcff715a3d0f4b7b7b0397cc",
	volume = "32",
	year = "1979"
}

@article{Laxliu95,
	author = "Lax, Peter D. and Liu, Xu Dong",
	journal = "SIAM J. Sci. Comput",
	pages = "319--340",
	title = "{Solution of Two Dimensional Riemann Problem of Gas Dynamics by Positive Schemes}",
	volume = "19",
	year = "1995"
}

@book{Markowich2002,
	alteditor = "",
	author = "Markowich, Peter A. and Ringhofer, Christian A. and Schmeiser, Christian",
	edition = "1",
	optaddress = "",
	optannote = "",
	optkey = "",
	optmonth = "",
	optnote = "",
	optnumber = "",
	optseries = "",
	optvolume = "",
	publisher = "Springer",
	title = "{Semiconductor Equations}",
	year = "2002"
}

@article{Jiang1996202,
	author = "Jiang, Guang-Shan and Shu, Chi-Wang",
	doi = "10.1006/jcph.1996.0130",
	issn = "0021-9991",
	journal = "Journal of Computational Physics",
	note = "",
	number = "1",
	pages = "202--228",
	title = "{Efficient Implementation of Weighted ENO Schemes}",
	url = "http://www.sciencedirect.com/science/article/B6WHY-45MGW7K-4G/2/b93769b39e6769e8c7e8cb9dc66cee95",
	volume = "126",
	year = "1996"
}

@article{Li2004708,
	author = "Li, Zhi-Hui and Zhang, Han-Xin",
	doi = "10.1016/j.jcp.2003.08.022",
	issn = "0021-9991",
	journal = "Journal of Computational Physics",
	keywords = "Kinetic theory of gases; Velocity distribution function; Boltzmann model equation; Discrete ordinate method; Time-splitting method; NND finite difference scheme; Rarefied gas flow; Continuum flow",
	note = "",
	number = "2",
	pages = "708--738",
	title = "{Study on gas kinetic unified algorithm for flows from rarefied transition to continuum}",
	url = "http://www.sciencedirect.com/science/article/B6WHY-49SFFBB-1/2/2ca74c0f9712aba7cb861926060e9269",
	volume = "193",
	year = "2004"
}

@article{Xu2005458,
	author = "Xu, Zhengfu and Shu, Chi-Wang",
	doi = "10.1016/j.jcp.2004.11.014",
	issn = "0021-9991",
	journal = "Journal of Computational Physics",
	keywords = "Anti-diffusive flux correction; Sharpening contact discontinuity; High order accuracy; WENO scheme",
	note = "",
	number = "2",
	pages = "458--485",
	title = "{Anti-diffusive flux corrections for high order finite difference WENO schemes}",
	url = "http://www.sciencedirect.com/science/article/B6WHY-4F1W6TM-1/2/e6201b6f8b868dcccc0dab148456ac94",
	volume = "205",
	year = "2005"
}

@book{nla.cat-vn1654801,
	author = "Huang, Kerson",
	catalogue-url = "http://nla.gov.au/nla.cat-vn1654801",
	edition = "2nd ed.",
	isbn = "0471815187",
	language = "English",
	life-dates = "1987 -",
	pages = "xiv, 493 p. :",
	publisher = "Wiley, New York :",
	subjects = "Statistical mechanics.",
	title = "{Statistical mechanics / Kerson Huang}",
	type = "Book",
	url = "http://www.loc.gov/catdir/toc/onix01/86032466.html",
	year = "1987"
}

@article{Gardner1994,
	address = "Philadelphia, PA, USA",
	author = "Gardner, Carl L.",
	doi = "10.1137/S0036139992240425",
	issn = "0036-1399",
	journal = "SIAM J. Appl. Math.",
	number = "2",
	pages = "409--427",
	publisher = "Society for Industrial and Applied Mathematics",
	title = "{The quantum hydrodynamic model for semiconductor devices}",
	volume = "54",
	year = "1994"
}

@article{PhysRevB.39.9536,
  title = {Quantum correction to the equation of state of an electron gas in a semiconductor},
  author = {Ancona, M. G. and Iafrate, G. J.},
  journal = {Phys. Rev. B},
  volume = {39},
  issue = {13},
  pages = {9536--9540},
  year = {1989},
  month = {May},
  doi = {10.1103/PhysRevB.39.9536},
  url = {http://link.aps.org/doi/10.1103/PhysRevB.39.9536},
  publisher = {American Physical Society}
}

@article{Woolard5146296,
	author = "Woolard, D. L. and Tian, H. and Littlejohn, M. A. and Kim, K. W. and Trew, R. J. and Ieong, M. K. and Tang, T. W.",
	doi = "10.1063/1.355189",
	issn = "0021-8979",
	journal = "Journal of Applied Physics",
	keywords = "",
	month = "nov",
	number = "10",
	pages = "6197--6207",
	title = "{Construction of higher-moment terms in the hydrodynamic electron transport model}",
	volume = "74",
	year = "1993"
}

@article{Harten1983357,
	author = "Harten, Ami",
	doi = "10.1016/0021-9991(83)90136-5",
	issn = "0021-9991",
	journal = "Journal of Computational Physics",
	note = "",
	number = "3",
	pages = "357--393",
	title = "{High resolution schemes for hyperbolic conservation laws}",
	url = "http://www.sciencedirect.com/science/article/B6WHY-4DD1XP3-1PC/2/7139ec41e5bce99e04612c431428ead2",
	volume = "49",
	year = "1983"
}

@article{PhysRev.40.749,
	author = "Wigner, E.",
	doi = "10.1103/PhysRev.40.749",
	journal = "Phys. Rev.",
	month = "Jun",
	number = "5",
	numpages = "10",
	pages = "749--759",
	publisher = "American Physical Society",
	title = "{On the Quantum Correction For Thermodynamic Equilibrium}",
	volume = "40",
	year = "1932"
}

@article{PhysRevB.35.7959,
	author = "Ancona, M. G. and Tiersten, H. F.",
	doi = "10.1103/PhysRevB.35.7959",
	journal = "Phys. Rev. B",
	month = "May",
	number = "15",
	numpages = "6",
	pages = "7959--7965",
	publisher = "American Physical Society",
	title = "{Macroscopic physics of the silicon inversion layer}",
	volume = "35",
	year = "1987"
}

@article{schultzrinne,
	address = "Philadelphia, PA, USA",
	author = "Schultz-Rinne, Carsten W. and Collins, James P. and Glaz, Harland M.",
	doi = "10.1137/0914082",
	issn = "1064-8275",
	journal = "SIAM J. Sci. Comput.",
	number = "6",
	pages = "1394--1414",
	publisher = "Society for Industrial and Applied Mathematics",
	title = "{Numerical solution of the Riemann problem for two-dimensional gas dynamics}",
	volume = "14",
	year = "1993"
}

@book{abramowitz+stegun,
	address = "New York",
	author = "Abramowitz, Milton and Stegun, Irene A.",
	edition = "ninth Dover printing, tenth GPO printing",
	isbn = "0-486-61272-4",
	publisher = "Dover",
	title = "{Handbook of Mathematical Functions with Formulas, Graphs, and Mathematical Tables}",
	year = 1964
}

@inproceedings{STYu+SCChang,
	author = "Yu, Sheng Tao and Chang, Sin Chung and Jorgenson, Philip C E and Park, Surg Jue and Lai, Ming Chia",
	booktitle = "{Sixteenth International Conference on Numerical Methods in Fluid Dynamics}",
	isbn = "978-3-540-65153-6",
	title = "{Treating stiff source terms in conservation laws by the space-time conservation element and solution element methods}",
	year = 2007
}

@article{Holway1966,
	author = "{Lowell H. Holway}, Jr.",
	collaboration = "",
	doi = "10.1063/1.1761920",
	journal = "Physics of Fluids",
	number = "9",
	pages = "1658--1673",
	publisher = "AIP",
	title = "{New Statistical Models for Kinetic Theory: Methods of Construction}",
	url = "http://link.aip.org/link/?PFL/9/1658/1",
	volume = "9",
	year = "1966"
}

@article{May1964,
	author = "May, Robert M.",
	doi = "10.1103/PhysRev.135.A1515",
	issue = "6A",
	journal = "Phys. Rev.",
	month = "Sep",
	pages = "A1515--A1518",
	publisher = "American Physical Society",
	title = "{Quantum Statistics of Ideal Gases in Two Dimensions}",
	url = "http://link.aps.org/doi/10.1103/PhysRev.135.A1515",
	volume = "135",
	year = "1964"
}

@article{ZhangZheng90,
 author = {Zhang, Tong and Zheng, Yuxi},
 title = {Conjecture on the structure of solutions of the Riemann problem for two-dimensional gas dynamics systems},
 journal = {SIAM J. Math. Anal.},
 issue_date = {May 1990},
 volume = {21},
 number = {3},
 month = mar,
 year = {1990},
 issn = {0036-1410},
 pages = {593--630},
 numpages = {38},
 url = {http://dx.doi.org/10.1137/0521032},
 doi = {10.1137/0521032},
 acmid = {84059},
 publisher = {Society for Industrial and Applied Mathematics},
 address = {Philadelphia, PA, USA},
} 