@comment{x-kbibtex-personnameformatting=<%l><, %f>}

@article{Cockburn&Shu1989a,
	author = "{Cockburn Bernardo} and {Shu Chi-Wang}",
	issn = "00255718",
	journal = "Mathematics of Computation",
	month = "apr",
	number = "186",
	pages = "411--435",
	publisher = "American Mathematical Society",
	risfield_0_do = "10.2307/2008474",
	risfield_1_cr = "Copyright \&\#169; 1989 American Mathematical Society",
	risfield_2_m1 = "ArticleType: research-article / Full publication date: Apr., 1989 / Copyright Â© 1989 American Mathematical Society",
	title = "{TVB Runge-Kutta Local Projection Discontinuous Galerkin Finite Element Method for Conservation Laws II: General Framework}",
	url = "http://www.jstor.org/stable/2008474",
	volume = "52",
	year = "1989"
}

@article{CockburnLin&Shu1989b,
	author = "{Cockburn B} and {Lin S} and {Shu C}",
	doi = "10.1016/0021-9991(89)90183-6",
	issn = "00219991",
	journal = "Journal of Computational Physics",
	month = "sep",
	number = "1",
	pages = "90--113",
	risfield_0_do = "doi: 10.1016/0021-9991(89)90183-6",
	title = "{TVB Runge-Kutta local projection discontinuous Galerkin finite element method for conservation laws III: One-dimensional systems}",
	url = "citeulike-article-id:9725395",
	volume = "84",
	year = "1989"
}


@techreport{DuShu&Zhang2013,
	address = "Providence, RI, USA",
	author = "{Jie Du}, Chi-Wang Shu and Zhang, Mengping",
	institution = "Scientific Computing Group, Brown University",
	month = jun,
	number = "2013-15",
	title = "{A simple weighted essentially non-oscillatory limiter for the correction procedure via reconstruction (CPR) framework}",
	year = 2013
}

@article{Wang&Gao2009,
	adsnote = "Provided by the SAO/NASA Astrophysics Data System",
	adsurl = "http://adsabs.harvard.edu/abs/2009JCoPh.228.8161W",
	author = "{Wang}, Z.~J. and {Gao}, H.",
	doi = "10.1016/j.jcp.2009.07.036",
	journal = "Journal of Computational Physics",
	month = nov,
	pages = "8161--8186",
	title = "{A unifying lifting collocation penalty formulation including the discontinuous Galerkin, spectral volume/difference methods for conservation laws on mixed grids}",
	volume = 228,
	year = 2009
}

@inbook{Wang_etal2011,
	author = "Wang, Zhijian and Shi, Lei and Fu, Song and Zhang, Hanxin and Zhang, Laiping",
	doi = "10.2514/6.2011-3227",
	month = "jun",
	note = "doi:10.2514/6.2011-3227",
	publisher = "American Institute of Aeronautics and Astronautics",
	risfield_0_m1 = "0",
	risfield_1_do = "doi:10.2514/6.2011-3227",
	risfield_2_m3 = "doi:10.2514/6.2011-3227",
	risfield_3_t2 = "20th AIAA Computational Fluid Dynamics Conference",
	series = "{Fluid Dynamics and Co-located Conferences}",
	title = "{A PNPM-CPR Framework for Hyperbolic Conservation Laws}",
	year = "2011"
}

@inbook{Yu&Wang2013,
	author = "Yu, Meilin and Wang, Zhijian",
	doi = "10.2514/6.2013-855",
	month = "jan",
	note = "doi:10.2514/6.2013-855",
	publisher = "American Institute of Aeronautics and Astronautics",
	risfield_0_m1 = "0",
	risfield_1_do = "doi:10.2514/6.2013-855",
	risfield_2_m3 = "doi:10.2514/6.2013-855",
	risfield_3_t2 = "51st AIAA Aerospace Sciences Meeting including the New Horizons Forum and Aerospace Exposition",
	series = "{Aerospace Sciences Meetings}",
	title = "{On the accuracy and efficiency of several discontinuous high-order formulations}",
	year = "2013"
}

@inbook{Huynh2007,
	author = "Huynh, H. T.",
	doi = "10.2514/6.2007-4079",
	month = "jun",
	note = "doi:10.2514/6.2007-4079",
	publisher = "American Institute of Aeronautics and Astronautics",
	risfield_0_m1 = "0",
	risfield_1_do = "doi:10.2514/6.2007-4079",
	risfield_2_m3 = "doi:10.2514/6.2007-4079",
	risfield_3_t2 = "18th AIAA Computational Fluid Dynamics Conference",
	series = "{Fluid Dynamics and Co-located Conferences}",
	title = "{A Flux Reconstruction Approach to High-Order Schemes Including Discontinuous Galerkin Methods}",
	year = "2007"
}

@inbook{Huynh2009,
	author = "Huynh, H. T.",
	doi = "10.2514/6.2009-403",
	month = "jan",
	note = "doi:10.2514/6.2009-403",
	publisher = "American Institute of Aeronautics and Astronautics",
	risfield_0_m1 = "0",
	risfield_1_do = "doi:10.2514/6.2009-403",
	risfield_2_m3 = "doi:10.2514/6.2009-403",
	risfield_3_t2 = "47th AIAA Aerospace Sciences Meeting including The New Horizons Forum and Aerospace Exposition",
	series = "{Aerospace Sciences Meetings}",
	title = "{A Reconstruction Approach to High-Order Schemnes Including Discontinuous Galerkin for Diffusion}",
	year = "2009"
}

@inbook{Huynh2011,
	author = "Huynh, H. T.",
	doi = "10.2514/6.2011-44",
	month = "jan",
	note = "doi:10.2514/6.2011-44",
	publisher = "American Institute of Aeronautics and Astronautics",
	risfield_0_m1 = "0",
	risfield_1_do = "doi:10.2514/6.2011-44",
	risfield_2_m3 = "doi:10.2514/6.2011-44",
	risfield_3_t2 = "49th AIAA Aerospace Sciences Meeting including the New Horizons Forum and Aerospace Exposition",
	series = "{Aerospace Sciences Meetings}",
	title = "{High-Order Methods Including Discontinuous Galerkin by Reconstructions on Triangular Meshes}",
	year = "2011"
}

@book{hesthaven2008,
	author = "Hesthaven, J.S. and Warburton, T.",
	isbn = "9780387720654",
	lccn = "2007939528",
	publisher = "Springer",
	series = "{Texts in Applied Mathematics}",
	title = "{Nodal Discontinuous Galerkin Methods: Algorithms, Analysis, and Applications}",
	url = "http://books.google.com/books?id=APQkDOmwyksC",
	year = "2008"
}
