@comment{x-kbibtex-personnameformatting=<%l><, %f>}

@article{Sigal1998,
	acmid = "279737",
	address = "Boston, MA, USA",
	author = "Gottlieb, Sigal and Shu, Chi-Wang",
	doi = "10.1090/S0025-5718-98-00913-2",
	issn = "0025-5718",
	issue = "221",
	journal = "Math. Comput.",
	month = "January",
	numpages = "13",
	pages = "73--85",
	publisher = "American Mathematical Society",
	title = "Total variation diminishing Runge-Kutta schemes",
	url = "http://portal.acm.org/citation.cfm?id=279724.279737",
	volume = "67",
	year = "1998"
}

