@comment{x-kbibtex-personnameformatting=<%l><, %f>}

@article{Jiang1996202,
	author = "Jiang, Guang-Shan and Shu, Chi-Wang",
	doi = "10.1006/jcph.1996.0130",
	issn = "0021-9991",
	journal = "Journal of Computational Physics",
	note = "",
	number = "1",
	pages = "202--228",
	title = "{Efficient Implementation of Weighted ENO Schemes}",
	url = "http://www.sciencedirect.com/science/article/pii/S0021999196901308",
	volume = "126",
	year = "1996"
}

